@article{frith_detection_2004,
	title = {Detection of functional {DNA} motifs via statistical over-representation},
	volume = {32},
	number = {4},
	journal = {Nucl. Acids Res.},
	author = {Frith, Martin C. and Fu, Yutao and Yu, Liqun and Chen, {Jiang-Fan} and Hansen, Ulla and Weng, Zhiping},
	year = {2004},
	pages = {1372--1381}
},

@article{stojnic_2012,
	title = {Affinity based {DNA} motif enrichment analysis with {R/Bioconductor} package {PWMEnrich}},
	journal = {in preparation},
	author = {Stojnic, Robert and Adryan, Boris},
	year = {2014}
},

@article{jin_genome-wide_2013,
        title = {Genome-Wide Screens for In Vivo {Tinman} Binding Sites Identify Cardiac Enhancers with Diverse Functional Architectures},
        volume = {9},
        journal = {{PLoS} Genet},
        author = {Jin, Hong and Stojnic, Robert and Adryan, Boris and Ozdemir, Anil and Stathopoulos, Angelike and Frasch, Manfred},
        year = {2013},
        pages = {e1003195},
}



